@Unpublished{GreenMining,
  author = 	 {Abram Hindle},
  title = 	 {Green Mining : A Methodology of Relating Software Change to Power Consumption},
  note =     {}
}
@Article{EcoLogiciels,
  author = 	 {Olivier Philippot},
  title = 	 {Eco-conceptions des logiciels et Green Patterns},
  journal = 	 {Programmez !},
  year = 	 {2012},
  OPTnumber = 	 {152},
  OPTpages = 	 {[34-41]},
  OPTmonth = 	 {Mai}
}
