@ARTICLE{Format,
    author = {Prénom Nom and De Nom, Prénom and prénom {Van Nom}},
    title = {bla bla {SQL} bla bla SQL bla bla},
    journal = {The Computer Journal},
    year = {1989},
    volume = {32},
    pages = {98--107}
}

@ARTICLE{Hughes89whyfunctional,
    author = {John Hughes},
    title = {Why functional programming matters},
    journal = {The Computer Journal},
    year = {1989},
    volume = {32},
    pages = {98--107}
}

@INPROCEEDINGS{Simon92maindreville.implementing,
    author = {E. Simon and J. Kieman and C. De Maindreville},
    title = {Maindreville. Implementing high level active rules on top of a relational {DBMS}},
    booktitle = {Proceedings of the Eighteenth International Conference on Very Large Data Bases},
    year = {1992},
    pages = {315--326}
}

@ARTICLE{Sommerville90softwareengineering,
    author = {Ian Sommerville},
    title = {Software Engineering Software Engineering},
    journal = {Annals of Software Engineering},
    year = {1990},
    volume = {6},
    pages = {111--129}
}

@PHDTHESIS {Riv03,
    AUTHOR = {H. Rivano},
    TITLE = {Algorithmique et télécommunications : coloration et multiflot approchés et applications aux réseaux d'infrastructure},
    SCHOOL = {Université de Nice-Sophia Antipolis},
    YEAR = 2003,
    MONTH = nov,
    URL = {http://www-sop.inria.fr/mascotte/Herve.Rivano/?lang=fr&to_inc=thesis.php},
}

@Misc{Wolfe,
	author = {Joe Wolfe},
	title  ={How to Write a {PhD} Thesis},
	year = {1996, 2006},
	howpublished = {\url{http://www.phys.unsw.edu.au/~jw/thesis.html}}
}


@BOOK {Pascal-1671,
    AUTHOR = {Blaise Pascal},
    TITLE = {Les Pensées},
    YEAR = 1671,
    NOTE = {\url{http://www.samizdat.qc.ca/arts/lit/Pascal/Pensees_1671_ancien.pdf}},
}

@PHDTHESIS {Khodja-97,
    AUTHOR = {Lotfi Khodja},
    TITLE = {Contribution à la classification floue non supervisée},
    SCHOOL = {Université de Savoie},
    YEAR = 1997,
    MONTH = nov,
    pages = {158},
    URL = {http://www.polytech.univ-savoie.fr/fileadmin/polytech_autres_sites/sites/listic/Theses/thesekhodja.pdf},
}
