@Unpublished{GreenMining,
  author = 	 {Abram Hindle},
  title = 	 {Green Mining : A Methodology of Relating Software Change to Power Consumption},
  note =     {}
}
@Article{EcoLogiciels,
  author = 	 {Olivier Philippot},
  title = 	 {Eco-conceptions des logiciels et Green Patterns},
  journal = 	 {Programmez !},
  year = 	 {2012},
  OPTnumber = 	 {152},
  OPTpages = 	 {[34-41]},
  OPTmonth = 	 {Mai}
}
@inproceedings{da2010methodology,
  title={Methodology of measurement for energy consumption of applications},
  author={Da Costa, G. and Hlavacs, H.},
  booktitle={Grid Computing (GRID), 2010 11th IEEE/ACM International Conference on},
  pages={290--297},
  year={2010},
  organization={IEEE}
}
@inproceedings{pathak2012energy,
  title={Where is the energy spent inside my app?: fine grained energy accounting on smartphones with eprof},
  author={Pathak, A. and Hu, Y.C. and Zhang, M.},
  booktitle={Proceedings of the 7th ACM european conference on Computer Systems},
  pages={29--42},
  year={2012},
  organization={ACM}
}
@inproceedings{esmaeilzadeh2011looking,
  title={Looking back on the language and hardware revolutions: measured power, performance, and scaling},
  author={Esmaeilzadeh, H. and Cao, T. and Xi, Y. and Blackburn, S.M. and McKinley, K.S.},
  booktitle={ACM SIGARCH Computer Architecture News},
  volume={39},
  number={1},
  pages={319--332},
  year={2011},
  organization={ACM}
}
@inproceedings{amsel2010green,
  title={Green tracker: a tool for estimating the energy consumption of software},
  author={Amsel, N. and Tomlinson, B.},
  booktitle={Proceedings of the 28th of the international conference extended abstracts on Human factors in computing systems},
  pages={3337--3342},
  year={2010},
  organization={ACM}
}